<record><leader>00000cas a22000007a 4500</leader><controlfield tag="001">22692909</controlfield><controlfield tag="008">901115d18901901nyudr ne      0    0eng d</controlfield><datafield ind1=" " ind2=" " tag="010"><subfield code="a">sn 90066565 </subfield></datafield><datafield ind1=" " ind2=" " tag="040"><subfield code="a">NYS</subfield><subfield code="b">eng</subfield><subfield code="c">NYS</subfield><subfield code="d">OCLCQ</subfield></datafield><datafield ind1=" " ind2=" " tag="042"><subfield code="a">msc</subfield></datafield><datafield ind1="0" ind2="0" tag="245"><subfield code="a">Binghamton evening herald.</subfield></datafield><datafield ind1=" " ind2=" " tag="260"><subfield code="a">Binghamton, N.Y. :</subfield><subfield code="b">Herald Pub. Co.</subfield></datafield><datafield ind1=" " ind2=" " tag="300"><subfield code="a">v.</subfield></datafield><datafield ind1=" " ind2=" " tag="310"><subfield code="a">Daily (except Sunday)</subfield></datafield><datafield ind1="1" ind2=" " tag="362"><subfield code="a">Began in Sept. 1890?</subfield></datafield><datafield ind1="0" ind2=" " tag="362"><subfield code="a">-Feb. 25, 1901.</subfield></datafield><datafield ind1=" " ind2=" " tag="500"><subfield code="a">"Binghamton" appears above masthead ornament.</subfield></datafield><datafield ind1=" " ind2=" " tag="588"><subfield code="a">Description based on: Sept. 10, 1890.</subfield></datafield><datafield ind1=" " ind2="4" tag="651"><subfield code="a">Binghamton (N.Y.)</subfield><subfield code="v">Newspapers.</subfield></datafield><datafield ind1=" " ind2=" " tag="752"><subfield code="a">United States</subfield><subfield code="b">New York</subfield><subfield code="c">Broome</subfield><subfield code="d">Binghamton.</subfield></datafield><datafield ind1="0" ind2=" " tag="775"><subfield code="t">Binghamton weekly herald</subfield><subfield code="w">(DLC)sn 90066566</subfield><subfield code="w">(OCoLC)22692972</subfield></datafield><datafield ind1="0" ind2=" " tag="775"><subfield code="t">Binghamton morning herald</subfield><subfield code="w">(DLC)sn 90066549</subfield></datafield><datafield ind1="0" ind2="0" tag="780"><subfield code="t">Evening herald (Binghamton, N.Y. : 1889)</subfield><subfield code="w">(DLC)sn 89071341</subfield></datafield><datafield ind1="0" ind2="0" tag="785"><subfield code="t">Evening herald (Binghamton, N.Y. : 1901)</subfield><subfield code="w">(DLC)sn 90066563</subfield><subfield code="w">(OCoLC)22692829</subfield></datafield><datafield ind1="1" ind2=" " tag="029"><subfield code="a">AU@</subfield><subfield code="b">000025870628</subfield></datafield></record>